<record><leader>00000cas a2200000 a 4500</leader><controlfield tag="001">9941288</controlfield><controlfield tag="008">830923d18uu18uumiuwr ne      0    0eng  </controlfield><datafield ind1=" " ind2=" " tag="010"><subfield code="a">sn 83016621 </subfield></datafield><datafield ind1=" " ind2=" " tag="040"><subfield code="a">DLC</subfield><subfield code="b">eng</subfield><subfield code="c">DLC</subfield><subfield code="d">NPT</subfield><subfield code="d">NPY</subfield><subfield code="d">MFN</subfield><subfield code="d">NYS</subfield><subfield code="d">MHN</subfield><subfield code="d">OCL</subfield><subfield code="d">CUI</subfield><subfield code="d">OCLCQ</subfield><subfield code="d">OCLCF</subfield><subfield code="d">OCLCO</subfield></datafield><datafield ind1="1" ind2=" " tag="029"><subfield code="a">AU@</subfield><subfield code="b">000003013321</subfield></datafield><datafield ind1=" " ind2=" " tag="042"><subfield code="a">pcc</subfield></datafield><datafield ind1=" " ind2=" " tag="043"><subfield code="a">n-us-mi</subfield></datafield><datafield ind1="0" ind2="0" tag="050"><subfield code="a">Newspaper 8401-X</subfield></datafield><datafield ind1=" " ind2="4" tag="050"><subfield code="a">AN</subfield></datafield><datafield ind1="0" ind2="0" tag="245"><subfield code="a">Detroit weekly free press.</subfield></datafield><datafield ind1="3" ind2=" " tag="246"><subfield code="a">Detroit free press weekly &lt;Jan. 1, 1866&gt;-</subfield></datafield><datafield ind1=" " ind2=" " tag="260"><subfield code="a">Detroit, Mich. :</subfield><subfield code="b">Wilbur F. Storey</subfield></datafield><datafield ind1=" " ind2=" " tag="300"><subfield code="a">v.</subfield></datafield><datafield ind1=" " ind2=" " tag="310"><subfield code="a">Weekly</subfield></datafield><datafield ind1=" " ind2=" " tag="500"><subfield code="a">"Weekly" appears under title in masthead, &lt;Jan. 1, 1866&gt;-</subfield></datafield><datafield ind1=" " ind2=" " tag="580"><subfield code="a">Daily ed.: Detroit free press (Detroit, Mich. : 1858).</subfield></datafield><datafield ind1=" " ind2=" " tag="580"><subfield code="a">Triweekly ed.: Detroit tri-weekly free press (title uncertain).</subfield></datafield><datafield ind1=" " ind2=" " tag="580"><subfield code="a">Other ed. available: Detroit free press (Detroit, Mich. : State ed.).</subfield></datafield><datafield ind1=" " ind2=" " tag="588"><subfield code="a">Description based on: Vol. 29, no. 27 (Aug. 18, 1856).</subfield></datafield><datafield ind1=" " ind2="0" tag="651"><subfield code="a">Detroit (Mich.)</subfield><subfield code="v">Newspapers.</subfield></datafield><datafield ind1=" " ind2="0" tag="651"><subfield code="a">Wayne County (Mich.)</subfield><subfield code="v">Newspapers.</subfield></datafield><datafield ind1=" " ind2="7" tag="655"><subfield code="a">Newspapers.</subfield><subfield code="2">fast</subfield><subfield code="0">(OCoLC)fst01423814</subfield></datafield><datafield ind1=" " ind2="7" tag="651"><subfield code="a">Michigan</subfield><subfield code="z">Detroit.</subfield><subfield code="2">fast</subfield><subfield code="0">(OCoLC)fst01205010</subfield></datafield><datafield ind1=" " ind2="7" tag="651"><subfield code="a">Michigan</subfield><subfield code="z">Wayne County.</subfield><subfield code="2">fast</subfield><subfield code="0">(OCoLC)fst01206628</subfield></datafield><datafield ind1=" " ind2=" " tag="752"><subfield code="a">United States</subfield><subfield code="b">Michigan</subfield><subfield code="c">Wayne</subfield><subfield code="d">Detroit.</subfield></datafield><datafield ind1="1" ind2=" " tag="775"><subfield code="t">Detroit free press (Detroit, Mich. : 1858)</subfield><subfield code="w">(DLC)sn 84025722</subfield><subfield code="w">(OCoLC)10345127</subfield></datafield><datafield ind1="1" ind2=" " tag="775"><subfield code="t">Detroit tri-weekly free press</subfield></datafield><datafield ind1="1" ind2=" " tag="775"><subfield code="t">Detroit free press (Detroit, Mich. : State ed.)</subfield><subfield code="w">(DLC)sn 87065726</subfield><subfield code="w">(OCoLC)1775552</subfield></datafield><datafield ind1="0" ind2="0" tag="780"><subfield code="t">Detroit free press (Detroit, Mich. : Weekly)</subfield><subfield code="w">(DLC)sn 83016616</subfield><subfield code="w">(OCoLC)9940462</subfield></datafield><datafield ind1="0" ind2="0" tag="785"><subfield code="t">Weekly Detroit free press</subfield><subfield code="w">(DLC)sn 83016622</subfield><subfield code="w">(OCoLC)9941341</subfield></datafield></record>